%YAML 1.1
%TAG !u! tag:unity3d.com,2011:
--- !u!1 &1265903576270556410
GameObject:
  m_ObjectHideFlags: 0
  m_CorrespondingSourceObject: {fileID: 0}
  m_PrefabInstance: {fileID: 0}
  m_PrefabAsset: {fileID: 0}
  serializedVersion: 6
  m_Component:
  - component: {fileID: 350105674181120546}
  m_Layer: 0
  m_Name: Room
  m_TagString: Untagged
  m_Icon: {fileID: 0}
  m_NavMeshLayer: 0
  m_StaticEditorFlags: 0
  m_IsActive: 1
--- !u!4 &350105674181120546
Transform:
  m_ObjectHideFlags: 0
  m_CorrespondingSourceObject: {fileID: 0}
  m_PrefabInstance: {fileID: 0}
  m_PrefabAsset: {fileID: 0}
  m_GameObject: {fileID: 1265903576270556410}
  m_LocalRotation: {x: 0, y: 0, z: 0, w: 1}
  m_LocalPosition: {x: -605.7609, y: -334.0769, z: 88.08456}
  m_LocalScale: {x: 1, y: 1, z: 1}
  m_ConstrainProportionsScale: 0
  m_Children:
  - {fileID: 6191336259158994902}
  - {fileID: 222411725124193178}
  - {fileID: 222411726128165427}
  - {fileID: 222411725259394477}
  - {fileID: 3384269383141502272}
  - {fileID: 7125559651767317075}
  - {fileID: 708662889310985766}
  - {fileID: 6191336259485443639}
  - {fileID: 222411726395833295}
  m_Father: {fileID: 0}
  m_RootOrder: 0
  m_LocalEulerAnglesHint: {x: 0, y: 0, z: 0}
--- !u!1001 &192702079
PrefabInstance:
  m_ObjectHideFlags: 0
  serializedVersion: 2
  m_Modification:
    m_TransformParent: {fileID: 350105674181120546}
    m_Modifications:
    - target: {fileID: 222411726010471500, guid: 9d5eb56ad4444704fadb332e9f023872, type: 3}
      propertyPath: m_RootOrder
      value: 2
      objectReference: {fileID: 0}
    - target: {fileID: 222411726010471500, guid: 9d5eb56ad4444704fadb332e9f023872, type: 3}
      propertyPath: m_LocalPosition.x
      value: 0.01
      objectReference: {fileID: 0}
    - target: {fileID: 222411726010471500, guid: 9d5eb56ad4444704fadb332e9f023872, type: 3}
      propertyPath: m_LocalPosition.y
      value: 2.98
      objectReference: {fileID: 0}
    - target: {fileID: 222411726010471500, guid: 9d5eb56ad4444704fadb332e9f023872, type: 3}
      propertyPath: m_LocalPosition.z
      value: -4.93
      objectReference: {fileID: 0}
    - target: {fileID: 222411726010471500, guid: 9d5eb56ad4444704fadb332e9f023872, type: 3}
      propertyPath: m_LocalRotation.w
      value: 1
      objectReference: {fileID: 0}
    - target: {fileID: 222411726010471500, guid: 9d5eb56ad4444704fadb332e9f023872, type: 3}
      propertyPath: m_LocalRotation.x
      value: -0
      objectReference: {fileID: 0}
    - target: {fileID: 222411726010471500, guid: 9d5eb56ad4444704fadb332e9f023872, type: 3}
      propertyPath: m_LocalRotation.y
      value: -0
      objectReference: {fileID: 0}
    - target: {fileID: 222411726010471500, guid: 9d5eb56ad4444704fadb332e9f023872, type: 3}
      propertyPath: m_LocalRotation.z
      value: -0
      objectReference: {fileID: 0}
    - target: {fileID: 222411726010471500, guid: 9d5eb56ad4444704fadb332e9f023872, type: 3}
      propertyPath: m_LocalEulerAnglesHint.x
      value: 0
      objectReference: {fileID: 0}
    - target: {fileID: 222411726010471500, guid: 9d5eb56ad4444704fadb332e9f023872, type: 3}
      propertyPath: m_LocalEulerAnglesHint.y
      value: 0
      objectReference: {fileID: 0}
    - target: {fileID: 222411726010471500, guid: 9d5eb56ad4444704fadb332e9f023872, type: 3}
      propertyPath: m_LocalEulerAnglesHint.z
      value: 0
      objectReference: {fileID: 0}
    - target: {fileID: 9192678913116061548, guid: 9d5eb56ad4444704fadb332e9f023872, type: 3}
      propertyPath: m_Name
      value: Wall (1)
      objectReference: {fileID: 0}
    m_RemovedComponents: []
  m_SourcePrefab: {fileID: 100100000, guid: 9d5eb56ad4444704fadb332e9f023872, type: 3}
--- !u!4 &222411726128165427 stripped
Transform:
  m_CorrespondingSourceObject: {fileID: 222411726010471500, guid: 9d5eb56ad4444704fadb332e9f023872, type: 3}
  m_PrefabInstance: {fileID: 192702079}
  m_PrefabAsset: {fileID: 0}
--- !u!1001 &990392195
PrefabInstance:
  m_ObjectHideFlags: 0
  serializedVersion: 2
  m_Modification:
    m_TransformParent: {fileID: 350105674181120546}
    m_Modifications:
    - target: {fileID: 222411726010471500, guid: 9d5eb56ad4444704fadb332e9f023872, type: 3}
      propertyPath: m_RootOrder
      value: 8
      objectReference: {fileID: 0}
    - target: {fileID: 222411726010471500, guid: 9d5eb56ad4444704fadb332e9f023872, type: 3}
      propertyPath: m_LocalPosition.x
      value: -4.81
      objectReference: {fileID: 0}
    - target: {fileID: 222411726010471500, guid: 9d5eb56ad4444704fadb332e9f023872, type: 3}
      propertyPath: m_LocalPosition.y
      value: 2.98
      objectReference: {fileID: 0}
    - target: {fileID: 222411726010471500, guid: 9d5eb56ad4444704fadb332e9f023872, type: 3}
      propertyPath: m_LocalPosition.z
      value: 0.1
      objectReference: {fileID: 0}
    - target: {fileID: 222411726010471500, guid: 9d5eb56ad4444704fadb332e9f023872, type: 3}
      propertyPath: m_LocalRotation.w
      value: 0.7071068
      objectReference: {fileID: 0}
    - target: {fileID: 222411726010471500, guid: 9d5eb56ad4444704fadb332e9f023872, type: 3}
      propertyPath: m_LocalRotation.x
      value: 0
      objectReference: {fileID: 0}
    - target: {fileID: 222411726010471500, guid: 9d5eb56ad4444704fadb332e9f023872, type: 3}
      propertyPath: m_LocalRotation.y
      value: 0.7071068
      objectReference: {fileID: 0}
    - target: {fileID: 222411726010471500, guid: 9d5eb56ad4444704fadb332e9f023872, type: 3}
      propertyPath: m_LocalRotation.z
      value: 0
      objectReference: {fileID: 0}
    - target: {fileID: 222411726010471500, guid: 9d5eb56ad4444704fadb332e9f023872, type: 3}
      propertyPath: m_LocalEulerAnglesHint.x
      value: 0
      objectReference: {fileID: 0}
    - target: {fileID: 222411726010471500, guid: 9d5eb56ad4444704fadb332e9f023872, type: 3}
      propertyPath: m_LocalEulerAnglesHint.y
      value: 90
      objectReference: {fileID: 0}
    - target: {fileID: 222411726010471500, guid: 9d5eb56ad4444704fadb332e9f023872, type: 3}
      propertyPath: m_LocalEulerAnglesHint.z
      value: 0
      objectReference: {fileID: 0}
    - target: {fileID: 4278204116153468649, guid: 9d5eb56ad4444704fadb332e9f023872, type: 3}
      propertyPath: m_Materials.Array.data[0]
      value: 
      objectReference: {fileID: 2100000, guid: 996fb11551b10e441855b0984b7cd638, type: 2}
    - target: {fileID: 9192678913116061548, guid: 9d5eb56ad4444704fadb332e9f023872, type: 3}
      propertyPath: m_Name
      value: Wall (3)
      objectReference: {fileID: 0}
    m_RemovedComponents: []
  m_SourcePrefab: {fileID: 100100000, guid: 9d5eb56ad4444704fadb332e9f023872, type: 3}
--- !u!4 &222411726395833295 stripped
Transform:
  m_CorrespondingSourceObject: {fileID: 222411726010471500, guid: 9d5eb56ad4444704fadb332e9f023872, type: 3}
  m_PrefabInstance: {fileID: 990392195}
  m_PrefabAsset: {fileID: 0}
--- !u!1001 &1289034067
PrefabInstance:
  m_ObjectHideFlags: 0
  serializedVersion: 2
  m_Modification:
    m_TransformParent: {fileID: 350105674181120546}
    m_Modifications:
    - target: {fileID: 708662890440623989, guid: f835b967c2c682347af1b2c868538246, type: 3}
      propertyPath: m_RootOrder
      value: 6
      objectReference: {fileID: 0}
    - target: {fileID: 708662890440623989, guid: f835b967c2c682347af1b2c868538246, type: 3}
      propertyPath: m_LocalScale.x
      value: 0.016119
      objectReference: {fileID: 0}
    - target: {fileID: 708662890440623989, guid: f835b967c2c682347af1b2c868538246, type: 3}
      propertyPath: m_LocalScale.y
      value: 0.012499
      objectReference: {fileID: 0}
    - target: {fileID: 708662890440623989, guid: f835b967c2c682347af1b2c868538246, type: 3}
      propertyPath: m_LocalScale.z
      value: 0.01
      objectReference: {fileID: 0}
    - target: {fileID: 708662890440623989, guid: f835b967c2c682347af1b2c868538246, type: 3}
      propertyPath: m_LocalPosition.x
      value: 4.43
      objectReference: {fileID: 0}
    - target: {fileID: 708662890440623989, guid: f835b967c2c682347af1b2c868538246, type: 3}
      propertyPath: m_LocalPosition.y
      value: 0
      objectReference: {fileID: 0}
    - target: {fileID: 708662890440623989, guid: f835b967c2c682347af1b2c868538246, type: 3}
      propertyPath: m_LocalPosition.z
      value: 3.09
      objectReference: {fileID: 0}
    - target: {fileID: 708662890440623989, guid: f835b967c2c682347af1b2c868538246, type: 3}
      propertyPath: m_LocalRotation.w
      value: 0.7071068
      objectReference: {fileID: 0}
    - target: {fileID: 708662890440623989, guid: f835b967c2c682347af1b2c868538246, type: 3}
      propertyPath: m_LocalRotation.x
      value: 0
      objectReference: {fileID: 0}
    - target: {fileID: 708662890440623989, guid: f835b967c2c682347af1b2c868538246, type: 3}
      propertyPath: m_LocalRotation.y
      value: 0.7071068
      objectReference: {fileID: 0}
    - target: {fileID: 708662890440623989, guid: f835b967c2c682347af1b2c868538246, type: 3}
      propertyPath: m_LocalRotation.z
      value: 0
      objectReference: {fileID: 0}
    - target: {fileID: 708662890440623989, guid: f835b967c2c682347af1b2c868538246, type: 3}
      propertyPath: m_LocalEulerAnglesHint.x
      value: 0
      objectReference: {fileID: 0}
    - target: {fileID: 708662890440623989, guid: f835b967c2c682347af1b2c868538246, type: 3}
      propertyPath: m_LocalEulerAnglesHint.y
      value: 90
      objectReference: {fileID: 0}
    - target: {fileID: 708662890440623989, guid: f835b967c2c682347af1b2c868538246, type: 3}
      propertyPath: m_LocalEulerAnglesHint.z
      value: 0
      objectReference: {fileID: 0}
    - target: {fileID: 9036927112932887973, guid: f835b967c2c682347af1b2c868538246, type: 3}
      propertyPath: m_Name
      value: Courtyard_Archway_Archway_Base_01
      objectReference: {fileID: 0}
    m_RemovedComponents: []
  m_SourcePrefab: {fileID: 100100000, guid: f835b967c2c682347af1b2c868538246, type: 3}
--- !u!4 &708662889310985766 stripped
Transform:
  m_CorrespondingSourceObject: {fileID: 708662890440623989, guid: f835b967c2c682347af1b2c868538246, type: 3}
  m_PrefabInstance: {fileID: 1289034067}
  m_PrefabAsset: {fileID: 0}
--- !u!1001 &1330946006
PrefabInstance:
  m_ObjectHideFlags: 0
  serializedVersion: 2
  m_Modification:
    m_TransformParent: {fileID: 350105674181120546}
    m_Modifications:
    - target: {fileID: 222411726010471500, guid: 9d5eb56ad4444704fadb332e9f023872, type: 3}
      propertyPath: m_RootOrder
      value: 1
      objectReference: {fileID: 0}
    - target: {fileID: 222411726010471500, guid: 9d5eb56ad4444704fadb332e9f023872, type: 3}
      propertyPath: m_LocalPosition.x
      value: 0.05
      objectReference: {fileID: 0}
    - target: {fileID: 222411726010471500, guid: 9d5eb56ad4444704fadb332e9f023872, type: 3}
      propertyPath: m_LocalPosition.y
      value: 2.98
      objectReference: {fileID: 0}
    - target: {fileID: 222411726010471500, guid: 9d5eb56ad4444704fadb332e9f023872, type: 3}
      propertyPath: m_LocalPosition.z
      value: 5.15
      objectReference: {fileID: 0}
    - target: {fileID: 222411726010471500, guid: 9d5eb56ad4444704fadb332e9f023872, type: 3}
      propertyPath: m_LocalRotation.w
      value: 1
      objectReference: {fileID: 0}
    - target: {fileID: 222411726010471500, guid: 9d5eb56ad4444704fadb332e9f023872, type: 3}
      propertyPath: m_LocalRotation.x
      value: -0
      objectReference: {fileID: 0}
    - target: {fileID: 222411726010471500, guid: 9d5eb56ad4444704fadb332e9f023872, type: 3}
      propertyPath: m_LocalRotation.y
      value: -0
      objectReference: {fileID: 0}
    - target: {fileID: 222411726010471500, guid: 9d5eb56ad4444704fadb332e9f023872, type: 3}
      propertyPath: m_LocalRotation.z
      value: -0
      objectReference: {fileID: 0}
    - target: {fileID: 222411726010471500, guid: 9d5eb56ad4444704fadb332e9f023872, type: 3}
      propertyPath: m_LocalEulerAnglesHint.x
      value: 0
      objectReference: {fileID: 0}
    - target: {fileID: 222411726010471500, guid: 9d5eb56ad4444704fadb332e9f023872, type: 3}
      propertyPath: m_LocalEulerAnglesHint.y
      value: 0
      objectReference: {fileID: 0}
    - target: {fileID: 222411726010471500, guid: 9d5eb56ad4444704fadb332e9f023872, type: 3}
      propertyPath: m_LocalEulerAnglesHint.z
      value: 0
      objectReference: {fileID: 0}
    - target: {fileID: 9192678913116061548, guid: 9d5eb56ad4444704fadb332e9f023872, type: 3}
      propertyPath: m_Name
      value: Wall
      objectReference: {fileID: 0}
    m_RemovedComponents: []
  m_SourcePrefab: {fileID: 100100000, guid: 9d5eb56ad4444704fadb332e9f023872, type: 3}
--- !u!4 &222411725124193178 stripped
Transform:
  m_CorrespondingSourceObject: {fileID: 222411726010471500, guid: 9d5eb56ad4444704fadb332e9f023872, type: 3}
  m_PrefabInstance: {fileID: 1330946006}
  m_PrefabAsset: {fileID: 0}
--- !u!1001 &1828014120
PrefabInstance:
  m_ObjectHideFlags: 0
  serializedVersion: 2
  m_Modification:
    m_TransformParent: {fileID: 350105674181120546}
    m_Modifications:
    - target: {fileID: 5191563955731370489, guid: 33c0d8f346b7a774887674424b3395cb, type: 3}
      propertyPath: m_Name
      value: Courtyard_Archway_Side_Wall_02
      objectReference: {fileID: 0}
    - target: {fileID: 6191336258432641022, guid: 33c0d8f346b7a774887674424b3395cb, type: 3}
      propertyPath: m_RootOrder
      value: 0
      objectReference: {fileID: 0}
    - target: {fileID: 6191336258432641022, guid: 33c0d8f346b7a774887674424b3395cb, type: 3}
      propertyPath: m_LocalScale.x
      value: 0.010800569
      objectReference: {fileID: 0}
    - target: {fileID: 6191336258432641022, guid: 33c0d8f346b7a774887674424b3395cb, type: 3}
      propertyPath: m_LocalScale.y
      value: 0.014134
      objectReference: {fileID: 0}
    - target: {fileID: 6191336258432641022, guid: 33c0d8f346b7a774887674424b3395cb, type: 3}
      propertyPath: m_LocalScale.z
      value: 0.0060853
      objectReference: {fileID: 0}
    - target: {fileID: 6191336258432641022, guid: 33c0d8f346b7a774887674424b3395cb, type: 3}
      propertyPath: m_LocalPosition.x
      value: 4.54
      objectReference: {fileID: 0}
    - target: {fileID: 6191336258432641022, guid: 33c0d8f346b7a774887674424b3395cb, type: 3}
      propertyPath: m_LocalPosition.y
      value: -0.18
      objectReference: {fileID: 0}
    - target: {fileID: 6191336258432641022, guid: 33c0d8f346b7a774887674424b3395cb, type: 3}
      propertyPath: m_LocalPosition.z
      value: 3.31
      objectReference: {fileID: 0}
    - target: {fileID: 6191336258432641022, guid: 33c0d8f346b7a774887674424b3395cb, type: 3}
      propertyPath: m_LocalRotation.w
      value: 0.7071068
      objectReference: {fileID: 0}
    - target: {fileID: 6191336258432641022, guid: 33c0d8f346b7a774887674424b3395cb, type: 3}
      propertyPath: m_LocalRotation.x
      value: 0
      objectReference: {fileID: 0}
    - target: {fileID: 6191336258432641022, guid: 33c0d8f346b7a774887674424b3395cb, type: 3}
      propertyPath: m_LocalRotation.y
      value: 0.7071068
      objectReference: {fileID: 0}
    - target: {fileID: 6191336258432641022, guid: 33c0d8f346b7a774887674424b3395cb, type: 3}
      propertyPath: m_LocalRotation.z
      value: 0
      objectReference: {fileID: 0}
    - target: {fileID: 6191336258432641022, guid: 33c0d8f346b7a774887674424b3395cb, type: 3}
      propertyPath: m_LocalEulerAnglesHint.x
      value: 0
      objectReference: {fileID: 0}
    - target: {fileID: 6191336258432641022, guid: 33c0d8f346b7a774887674424b3395cb, type: 3}
      propertyPath: m_LocalEulerAnglesHint.y
      value: 90
      objectReference: {fileID: 0}
    - target: {fileID: 6191336258432641022, guid: 33c0d8f346b7a774887674424b3395cb, type: 3}
      propertyPath: m_LocalEulerAnglesHint.z
      value: 0
      objectReference: {fileID: 0}
    m_RemovedComponents: []
  m_SourcePrefab: {fileID: 100100000, guid: 33c0d8f346b7a774887674424b3395cb, type: 3}
--- !u!4 &6191336259158994902 stripped
Transform:
  m_CorrespondingSourceObject: {fileID: 6191336258432641022, guid: 33c0d8f346b7a774887674424b3395cb, type: 3}
  m_PrefabInstance: {fileID: 1828014120}
  m_PrefabAsset: {fileID: 0}
--- !u!1001 &2001443297
PrefabInstance:
  m_ObjectHideFlags: 0
  serializedVersion: 2
  m_Modification:
    m_TransformParent: {fileID: 350105674181120546}
    m_Modifications:
    - target: {fileID: 222411726010471500, guid: 9d5eb56ad4444704fadb332e9f023872, type: 3}
      propertyPath: m_RootOrder
      value: 3
      objectReference: {fileID: 0}
    - target: {fileID: 222411726010471500, guid: 9d5eb56ad4444704fadb332e9f023872, type: 3}
      propertyPath: m_LocalPosition.x
      value: 4.79
      objectReference: {fileID: 0}
    - target: {fileID: 222411726010471500, guid: 9d5eb56ad4444704fadb332e9f023872, type: 3}
      propertyPath: m_LocalPosition.y
      value: 2.98
      objectReference: {fileID: 0}
    - target: {fileID: 222411726010471500, guid: 9d5eb56ad4444704fadb332e9f023872, type: 3}
      propertyPath: m_LocalPosition.z
      value: 0.1
      objectReference: {fileID: 0}
    - target: {fileID: 222411726010471500, guid: 9d5eb56ad4444704fadb332e9f023872, type: 3}
      propertyPath: m_LocalRotation.w
      value: 0.7071068
      objectReference: {fileID: 0}
    - target: {fileID: 222411726010471500, guid: 9d5eb56ad4444704fadb332e9f023872, type: 3}
      propertyPath: m_LocalRotation.x
      value: 0
      objectReference: {fileID: 0}
    - target: {fileID: 222411726010471500, guid: 9d5eb56ad4444704fadb332e9f023872, type: 3}
      propertyPath: m_LocalRotation.y
      value: 0.7071068
      objectReference: {fileID: 0}
    - target: {fileID: 222411726010471500, guid: 9d5eb56ad4444704fadb332e9f023872, type: 3}
      propertyPath: m_LocalRotation.z
      value: 0
      objectReference: {fileID: 0}
    - target: {fileID: 222411726010471500, guid: 9d5eb56ad4444704fadb332e9f023872, type: 3}
      propertyPath: m_LocalEulerAnglesHint.x
      value: 0
      objectReference: {fileID: 0}
    - target: {fileID: 222411726010471500, guid: 9d5eb56ad4444704fadb332e9f023872, type: 3}
      propertyPath: m_LocalEulerAnglesHint.y
      value: 90
      objectReference: {fileID: 0}
    - target: {fileID: 222411726010471500, guid: 9d5eb56ad4444704fadb332e9f023872, type: 3}
      propertyPath: m_LocalEulerAnglesHint.z
      value: 0
      objectReference: {fileID: 0}
    - target: {fileID: 4278204116153468649, guid: 9d5eb56ad4444704fadb332e9f023872, type: 3}
      propertyPath: m_Materials.Array.data[0]
      value: 
      objectReference: {fileID: 2100000, guid: 996fb11551b10e441855b0984b7cd638, type: 2}
    - target: {fileID: 9192678913116061548, guid: 9d5eb56ad4444704fadb332e9f023872, type: 3}
      propertyPath: m_Name
      value: Wall (2)
      objectReference: {fileID: 0}
    m_RemovedComponents: []
  m_SourcePrefab: {fileID: 100100000, guid: 9d5eb56ad4444704fadb332e9f023872, type: 3}
--- !u!4 &222411725259394477 stripped
Transform:
  m_CorrespondingSourceObject: {fileID: 222411726010471500, guid: 9d5eb56ad4444704fadb332e9f023872, type: 3}
  m_PrefabInstance: {fileID: 2001443297}
  m_PrefabAsset: {fileID: 0}
--- !u!1001 &2139062729
PrefabInstance:
  m_ObjectHideFlags: 0
  serializedVersion: 2
  m_Modification:
    m_TransformParent: {fileID: 350105674181120546}
    m_Modifications:
    - target: {fileID: 5191563955731370489, guid: 33c0d8f346b7a774887674424b3395cb, type: 3}
      propertyPath: m_Name
      value: Courtyard_Archway_Side_Wall_02 (1)
      objectReference: {fileID: 0}
    - target: {fileID: 6191336258432641022, guid: 33c0d8f346b7a774887674424b3395cb, type: 3}
      propertyPath: m_RootOrder
      value: 7
      objectReference: {fileID: 0}
    - target: {fileID: 6191336258432641022, guid: 33c0d8f346b7a774887674424b3395cb, type: 3}
      propertyPath: m_LocalScale.x
      value: 0.012130818
      objectReference: {fileID: 0}
    - target: {fileID: 6191336258432641022, guid: 33c0d8f346b7a774887674424b3395cb, type: 3}
      propertyPath: m_LocalScale.y
      value: 0.013846863
      objectReference: {fileID: 0}
    - target: {fileID: 6191336258432641022, guid: 33c0d8f346b7a774887674424b3395cb, type: 3}
      propertyPath: m_LocalScale.z
      value: 0.0101769995
      objectReference: {fileID: 0}
    - target: {fileID: 6191336258432641022, guid: 33c0d8f346b7a774887674424b3395cb, type: 3}
      propertyPath: m_LocalPosition.x
      value: 4.51
      objectReference: {fileID: 0}
    - target: {fileID: 6191336258432641022, guid: 33c0d8f346b7a774887674424b3395cb, type: 3}
      propertyPath: m_LocalPosition.y
      value: -0.01
      objectReference: {fileID: 0}
    - target: {fileID: 6191336258432641022, guid: 33c0d8f346b7a774887674424b3395cb, type: 3}
      propertyPath: m_LocalPosition.z
      value: 12.63
      objectReference: {fileID: 0}
    - target: {fileID: 6191336258432641022, guid: 33c0d8f346b7a774887674424b3395cb, type: 3}
      propertyPath: m_LocalRotation.w
      value: 0.7071068
      objectReference: {fileID: 0}
    - target: {fileID: 6191336258432641022, guid: 33c0d8f346b7a774887674424b3395cb, type: 3}
      propertyPath: m_LocalRotation.x
      value: 0
      objectReference: {fileID: 0}
    - target: {fileID: 6191336258432641022, guid: 33c0d8f346b7a774887674424b3395cb, type: 3}
      propertyPath: m_LocalRotation.y
      value: 0.7071068
      objectReference: {fileID: 0}
    - target: {fileID: 6191336258432641022, guid: 33c0d8f346b7a774887674424b3395cb, type: 3}
      propertyPath: m_LocalRotation.z
      value: 0
      objectReference: {fileID: 0}
    - target: {fileID: 6191336258432641022, guid: 33c0d8f346b7a774887674424b3395cb, type: 3}
      propertyPath: m_LocalEulerAnglesHint.x
      value: 0
      objectReference: {fileID: 0}
    - target: {fileID: 6191336258432641022, guid: 33c0d8f346b7a774887674424b3395cb, type: 3}
      propertyPath: m_LocalEulerAnglesHint.y
      value: 90
      objectReference: {fileID: 0}
    - target: {fileID: 6191336258432641022, guid: 33c0d8f346b7a774887674424b3395cb, type: 3}
      propertyPath: m_LocalEulerAnglesHint.z
      value: 0
      objectReference: {fileID: 0}
    m_RemovedComponents: []
  m_SourcePrefab: {fileID: 100100000, guid: 33c0d8f346b7a774887674424b3395cb, type: 3}
--- !u!4 &6191336259485443639 stripped
Transform:
  m_CorrespondingSourceObject: {fileID: 6191336258432641022, guid: 33c0d8f346b7a774887674424b3395cb, type: 3}
  m_PrefabInstance: {fileID: 2139062729}
  m_PrefabAsset: {fileID: 0}
--- !u!1001 &1132661803260856212
PrefabInstance:
  m_ObjectHideFlags: 0
  serializedVersion: 2
  m_Modification:
    m_TransformParent: {fileID: 350105674181120546}
    m_Modifications:
    - target: {fileID: 1538320726891355673, guid: 43a0fd0268c2f354696a286c78e5371a, type: 3}
      propertyPath: m_Name
      value: floor
      objectReference: {fileID: 0}
    - target: {fileID: 2400228362059868884, guid: 43a0fd0268c2f354696a286c78e5371a, type: 3}
      propertyPath: m_RootOrder
      value: 4
      objectReference: {fileID: 0}
    - target: {fileID: 2400228362059868884, guid: 43a0fd0268c2f354696a286c78e5371a, type: 3}
      propertyPath: m_LocalPosition.x
      value: 0
      objectReference: {fileID: 0}
    - target: {fileID: 2400228362059868884, guid: 43a0fd0268c2f354696a286c78e5371a, type: 3}
      propertyPath: m_LocalPosition.y
      value: 0
      objectReference: {fileID: 0}
    - target: {fileID: 2400228362059868884, guid: 43a0fd0268c2f354696a286c78e5371a, type: 3}
      propertyPath: m_LocalPosition.z
      value: 0
      objectReference: {fileID: 0}
    - target: {fileID: 2400228362059868884, guid: 43a0fd0268c2f354696a286c78e5371a, type: 3}
      propertyPath: m_LocalRotation.w
      value: 1
      objectReference: {fileID: 0}
    - target: {fileID: 2400228362059868884, guid: 43a0fd0268c2f354696a286c78e5371a, type: 3}
      propertyPath: m_LocalRotation.x
      value: -0
      objectReference: {fileID: 0}
    - target: {fileID: 2400228362059868884, guid: 43a0fd0268c2f354696a286c78e5371a, type: 3}
      propertyPath: m_LocalRotation.y
      value: -0
      objectReference: {fileID: 0}
    - target: {fileID: 2400228362059868884, guid: 43a0fd0268c2f354696a286c78e5371a, type: 3}
      propertyPath: m_LocalRotation.z
      value: -0
      objectReference: {fileID: 0}
    - target: {fileID: 2400228362059868884, guid: 43a0fd0268c2f354696a286c78e5371a, type: 3}
      propertyPath: m_LocalEulerAnglesHint.x
      value: 0
      objectReference: {fileID: 0}
    - target: {fileID: 2400228362059868884, guid: 43a0fd0268c2f354696a286c78e5371a, type: 3}
      propertyPath: m_LocalEulerAnglesHint.y
      value: 0
      objectReference: {fileID: 0}
    - target: {fileID: 2400228362059868884, guid: 43a0fd0268c2f354696a286c78e5371a, type: 3}
      propertyPath: m_LocalEulerAnglesHint.z
      value: 0
      objectReference: {fileID: 0}
    m_RemovedComponents:
    - {fileID: 629810221171681009, guid: 43a0fd0268c2f354696a286c78e5371a, type: 3}
  m_SourcePrefab: {fileID: 100100000, guid: 43a0fd0268c2f354696a286c78e5371a, type: 3}
--- !u!1 &1936885820661078413 stripped
GameObject:
  m_CorrespondingSourceObject: {fileID: 1538320726891355673, guid: 43a0fd0268c2f354696a286c78e5371a, type: 3}
  m_PrefabInstance: {fileID: 1132661803260856212}
  m_PrefabAsset: {fileID: 0}
--- !u!64 &2031454501
MeshCollider:
  m_ObjectHideFlags: 0
  m_CorrespondingSourceObject: {fileID: 0}
  m_PrefabInstance: {fileID: 0}
  m_PrefabAsset: {fileID: 0}
  m_GameObject: {fileID: 1936885820661078413}
  m_Material: {fileID: 0}
  m_IsTrigger: 0
  m_Enabled: 1
  serializedVersion: 4
  m_Convex: 0
  m_CookingOptions: 30
  m_Mesh: {fileID: 10209, guid: 0000000000000000e000000000000000, type: 0}
--- !u!114 &2031454491
MonoBehaviour:
  m_ObjectHideFlags: 0
  m_CorrespondingSourceObject: {fileID: 0}
  m_PrefabInstance: {fileID: 0}
  m_PrefabAsset: {fileID: 0}
  m_GameObject: {fileID: 1936885820661078413}
  m_Enabled: 1
  m_EditorHideFlags: 0
  m_Script: {fileID: 11500000, guid: 38f6bf3d943ac7945842268c9ef1dca6, type: 3}
  m_Name: 
  m_EditorClassIdentifier: 
  m_InteractionManager: {fileID: 0}
  m_Colliders: []
  m_InteractionLayerMask:
    serializedVersion: 2
    m_Bits: 4294967295
  m_InteractionLayers:
    m_Bits: 1
  m_DistanceCalculationMode: 1
  m_SelectMode: 1
  m_CustomReticle: {fileID: 0}
  m_FirstHoverEntered:
    m_PersistentCalls:
      m_Calls: []
  m_LastHoverExited:
    m_PersistentCalls:
      m_Calls: []
  m_HoverEntered:
    m_PersistentCalls:
      m_Calls: []
  m_HoverExited:
    m_PersistentCalls:
      m_Calls: []
  m_FirstSelectEntered:
    m_PersistentCalls:
      m_Calls: []
  m_LastSelectExited:
    m_PersistentCalls:
      m_Calls: []
  m_SelectEntered:
    m_PersistentCalls:
      m_Calls: []
  m_SelectExited:
    m_PersistentCalls:
      m_Calls: []
  m_Activated:
    m_PersistentCalls:
      m_Calls: []
  m_Deactivated:
    m_PersistentCalls:
      m_Calls: []
  m_StartingHoverFilters: []
  m_StartingSelectFilters: []
  m_OnFirstHoverEntered:
    m_PersistentCalls:
      m_Calls: []
  m_OnLastHoverExited:
    m_PersistentCalls:
      m_Calls: []
  m_OnHoverEntered:
    m_PersistentCalls:
      m_Calls: []
  m_OnHoverExited:
    m_PersistentCalls:
      m_Calls: []
  m_OnSelectEntered:
    m_PersistentCalls:
      m_Calls: []
  m_OnSelectExited:
    m_PersistentCalls:
      m_Calls: []
  m_OnSelectCanceled:
    m_PersistentCalls:
      m_Calls: []
  m_OnActivate:
    m_PersistentCalls:
      m_Calls: []
  m_OnDeactivate:
    m_PersistentCalls:
      m_Calls: []
  m_TeleportationProvider: {fileID: 0}
  m_MatchOrientation: 0
  m_MatchDirectionalInput: 0
  m_TeleportTrigger: 0
  m_FilterSelectionByHitNormal: 0
  m_UpNormalToleranceDegrees: 30
  m_Teleporting:
    m_PersistentCalls:
      m_Calls: []
--- !u!4 &3384269383141502272 stripped
Transform:
  m_CorrespondingSourceObject: {fileID: 2400228362059868884, guid: 43a0fd0268c2f354696a286c78e5371a, type: 3}
  m_PrefabInstance: {fileID: 1132661803260856212}
  m_PrefabAsset: {fileID: 0}
--- !u!1001 &8584393432747931588
PrefabInstance:
  m_ObjectHideFlags: 0
  serializedVersion: 2
  m_Modification:
    m_TransformParent: {fileID: 350105674181120546}
    m_Modifications:
    - target: {fileID: 945203106971928894, guid: e1317a8f0b6372f468db898c890377af, type: 3}
      propertyPath: m_ReceiveShadows
      value: 1
      objectReference: {fileID: 0}
    - target: {fileID: 1568086754287715735, guid: e1317a8f0b6372f468db898c890377af, type: 3}
      propertyPath: m_RootOrder
      value: 5
      objectReference: {fileID: 0}
    - target: {fileID: 1568086754287715735, guid: e1317a8f0b6372f468db898c890377af, type: 3}
      propertyPath: m_LocalPosition.x
      value: -0.024742529
      objectReference: {fileID: 0}
    - target: {fileID: 1568086754287715735, guid: e1317a8f0b6372f468db898c890377af, type: 3}
      propertyPath: m_LocalPosition.y
      value: 6.05
      objectReference: {fileID: 0}
    - target: {fileID: 1568086754287715735, guid: e1317a8f0b6372f468db898c890377af, type: 3}
      propertyPath: m_LocalPosition.z
      value: 0.1
      objectReference: {fileID: 0}
    - target: {fileID: 1568086754287715735, guid: e1317a8f0b6372f468db898c890377af, type: 3}
      propertyPath: m_LocalRotation.w
      value: 0
      objectReference: {fileID: 0}
    - target: {fileID: 1568086754287715735, guid: e1317a8f0b6372f468db898c890377af, type: 3}
      propertyPath: m_LocalRotation.x
      value: 0.7071068
      objectReference: {fileID: 0}
    - target: {fileID: 1568086754287715735, guid: e1317a8f0b6372f468db898c890377af, type: 3}
      propertyPath: m_LocalRotation.y
      value: 0
      objectReference: {fileID: 0}
    - target: {fileID: 1568086754287715735, guid: e1317a8f0b6372f468db898c890377af, type: 3}
      propertyPath: m_LocalRotation.z
      value: 0.7071068
      objectReference: {fileID: 0}
    - target: {fileID: 1568086754287715735, guid: e1317a8f0b6372f468db898c890377af, type: 3}
      propertyPath: m_LocalEulerAnglesHint.x
      value: 0
      objectReference: {fileID: 0}
    - target: {fileID: 1568086754287715735, guid: e1317a8f0b6372f468db898c890377af, type: 3}
      propertyPath: m_LocalEulerAnglesHint.y
      value: 90
      objectReference: {fileID: 0}
    - target: {fileID: 1568086754287715735, guid: e1317a8f0b6372f468db898c890377af, type: 3}
      propertyPath: m_LocalEulerAnglesHint.z
      value: 180
      objectReference: {fileID: 0}
    - target: {fileID: 8578592348216823222, guid: e1317a8f0b6372f468db898c890377af, type: 3}
      propertyPath: m_Name
      value: ceilling
      objectReference: {fileID: 0}
    m_RemovedComponents: []
  m_SourcePrefab: {fileID: 100100000, guid: e1317a8f0b6372f468db898c890377af, type: 3}
--- !u!4 &7125559651767317075 stripped
Transform:
  m_CorrespondingSourceObject: {fileID: 1568086754287715735, guid: e1317a8f0b6372f468db898c890377af, type: 3}
  m_PrefabInstance: {fileID: 8584393432747931588}
  m_PrefabAsset: {fileID: 0}
